<?xml version="1.0" encoding="UTF-8"?><record xmlns="http://www.loc.gov/MARC21/slim" xmlns:cinclude="http://apache.org/cocoon/include/1.0" xmlns:zs="http://www.loc.gov/zing/srw/">
  <leader>01400cz  a2200217n  4500</leader>
  <controlfield tag="001">no 98089438 </controlfield>
  <controlfield tag="003">DLC</controlfield>
  <controlfield tag="005">20111212114456.0</controlfield>
  <controlfield tag="008">980604n| acannaabn          |a ana     c</controlfield>
  <datafield tag="010" ind1=" " ind2=" ">
    <subfield code="a">no 98089438 </subfield>
    <subfield code="z">no 94037422 </subfield>
  </datafield>
  <datafield tag="035" ind1=" " ind2=" ">
    <subfield code="a">(OCoLC)oca04743502</subfield>
  </datafield>
  <datafield tag="040" ind1=" " ind2=" ">
    <subfield code="a">DJBF</subfield>
    <subfield code="b">eng</subfield>
    <subfield code="c">DJBF</subfield>
    <subfield code="d">DLC-S</subfield>
    <subfield code="d">InU</subfield>
  </datafield>
  <datafield tag="110" ind1="1" ind2=" ">
    <subfield code="a">Togo.</subfield>
    <subfield code="b">Ministère du plan et de l'aménagement du territoire</subfield>
  </datafield>
  <datafield tag="410" ind1="1" ind2=" ">
    <subfield code="a">Togo.</subfield>
    <subfield code="b">Plan et de l'aménagement du territoire, Ministère de</subfield>
  </datafield>
  <datafield tag="410" ind1="1" ind2=" ">
    <subfield code="w">nne</subfield>
    <subfield code="a">Togo.</subfield>
    <subfield code="b">Ministry of Planning and Territorial Development</subfield>
  </datafield>
  <datafield tag="410" ind1="1" ind2=" ">
    <subfield code="a">Togo.</subfield>
    <subfield code="b">Planning and Territorial Development, Ministry of</subfield>
  </datafield>
  <datafield tag="410" ind1="1" ind2=" ">
    <subfield code="a">Togo.</subfield>
    <subfield code="b">Direction générale du plan et de l'aménagement du territoire</subfield>
  </datafield>
  <datafield tag="670" ind1=" " ind2=" ">
    <subfield code="a">Annuaire Statistique du Togo, 1986-1987 (1991):</subfield>
    <subfield code="b">t.p. (Ministère du plan et de l'aménagement du territoire)</subfield>
  </datafield>
  <datafield tag="670" ind1=" " ind2=" ">
    <subfield code="a">West-African Ministerial Meeting on "The results of the Lomé Conventions and Prospects of Future ACP-EU Partnership", 1997:</subfield>
    <subfield code="b">t.p. (Togo Ministry of Planning and Territorial Development)</subfield>
  </datafield>
  <datafield tag="670" ind1=" " ind2=" ">
    <subfield code="a">Bulletin bibliographique sur l'environnement, no 1 (1998):</subfield>
    <subfield code="b">t.p. (République togolaise, Ministère du plan et de l'aménagement du territoire)</subfield>
  </datafield>
  <datafield tag="670" ind1=" " ind2=" ">
    <subfield code="a">Problèmes de population en afrique et au Togo, 2004:</subfield>
    <subfield code="b">t.p. (République togolaise, Ministère de l'économie, des finances et des privatisations, Direction générale du plan et de l'aménagement du territoire)</subfield>
  </datafield>
</record>